@MISC{specyfikacjaMQ-9,
    title = {Specyfikacja czujnika MQ-9},
    note = {[Dostęp: 15.01.2018]},
    howpublished = "\url{https://botland.com.pl/czujniki-gazu/3029-czujnik-tlenku-wegla-i-latwopalnych-gazow-mq-9-modul-niebieski.html}",
}

@MISC{specyfikacjaMQ-2,
    title = {Specyfikacja czujnika MQ-2},
    note = {[Dostęp: 15.01.2018]},
    howpublished = "\url{https://botland.com.pl/czujniki-gazu/5521-czujnik-lpg-propanu-i-wodoru-mq-2-modul-waveshare.html}",
}

@MISC{specyfikacjaTemp,
    title = {Specyfikacja czujnika DS18B20+},
    note = {[Dostęp: 15.01.2018]},
    howpublished = "\url{https://botland.com.pl/czujniki-temperatury/1506-modul-z-czujnikiem-temperatury-ds18b20-.html}",
}

@Book{MDESIGN,
    AUTHOR = "Kyle Mew",
    TITLE = "Learning Material Design: Master Material Design and create beautiful, animated interfaces for mobile and web applications",
    PUBLISHER = "Packt Publishing",
    YEAR = "2015",
}

@Book{RXJAVA,
    AUTHOR = "Tomasz Nurkiewicz, Ben Christensen",
    TITLE = "Reactive Programming with RxJava: Creating Asynchronous, Event-Based Applications",
    PUBLISHER = "O’Reilly Media",
    YEAR = "2016",
}

@Book{KOTLIN,
    AUTHOR = "Marcin Moskala, Igor Wojda",
    TITLE = "Android Development with Kotlin",
    PUBLISHER = "Packt Publishing",
    YEAR = "2017",
}

@Book{RPI,
    AUTHOR = "Eben Upton, Gareth Halfacree",
    TITLE = "Raspberry Pi User Guide",
    PUBLISHER = "Wiley",
    YEAR = "2012",
}

@Book{WEBARCH,
    AUTHOR = "Roy T. Fielding, Richard N. Taylor",
    TITLE = "Principled Design of the ModernWeb Architecture",
    PUBLISHER = "Information and Computer Science University of California, Irvine",
    YEAR = "2002",
}

@Book{STREAMRTMP,
    AUTHOR = "Xiaohua Lei, Xiuhua Jiang, Caihong Wang",
    TITLE = "Design and Implementation of Streaming Media Processing Software based on RTMP",
    PUBLISHER = "5th International Congress on Image and Signal Processing",
    YEAR = "2012",
}

@Book{MOBILERTMP,
    AUTHOR = "Pengyu Zhao, Jianwei Li, Jianxiao Xi, Xuerong Gou",
    TITLE = "A Mobile Real-time Video System Using RTMP",
    PUBLISHER = "4th International Conference on Computational Intelligence and Communication Networks",
    YEAR = "2012",
}


@Book{H264,
    AUTHOR = "Baguda, Yakubu S.",
    TITLE = "H264/AVC features \& functionalities suitable for wireless video transmission",
    PUBLISHER = "IEEE 2008 IFIP International Conference on Wireless and Optical Communications Networks",
    YEAR = "2008",
}

@MISC{firebase,
    author = {{Google}},
    title = {Dokumentacja Firebase},
    note = {[Dostęp: 15.01.2018]},
    howpublished = "\url{https://firebase.google.com/docs/database}",
}

@MISC{android,
    author = {{Google}},
    title = {Dokumentacja platformy Android},
    note = {[Dostęp: 15.01.2018]},
    howpublished = "\url{https://developer.android.com}",
}

@MISC{azure,
    author = {{Microsoft}},
    title = {Dokumentacja chmury Azure},
    note = {[Dostęp: 15.01.2018]},
    howpublished = "\url{https://docs.microsoft.com/en-us/azure}",
}

@MISC{stats,
    author = {{Statcounter.com}},
    title = {Udział systemów w rynku sieciowego ruchu mobilnego},
    note = {[Dostęp: 15.01.2018]},
    howpublished = "\url{http://gs.statcounter.com/os-market-share/mobile-tablet/worldwide/#monthly-201801-201801-bar}",
}

@MISC{kotlin,
    author = {{JetBrains}},
    title = {Przykłady języka Kotlin},
    note = {[Dostęp: 15.01.2018]},
    howpublished = "\url{https://github.com/Kotlin/kotlin-koans}",
}

@MISC{spi,
    author = {{Wikipedia, wolna encyklopedia}},
    title = {Serial Peripheral Interface},
    note = {[Dostęp: 15.01.2018]},
    howpublished = "\url{https://pl.wikipedia.org/wiki/Serial_Peripheral_Interface}",
}

@MISC{wiringpi,
    author = {{14core.com}},
    title = {WiringPi},
    note = {[Dostęp: 15.01.2018]},
    howpublished = "\url{https://www.14core.com/configure-clibrary-wiringpi/}",
}

@MISC{gpio,
    author = {{element14.com}},
    title = {GPIO},
    note = {[Dostęp: 15.01.2018]},
    howpublished = "\url{https://www.element14.com/community/docs/DOC-73950/l/raspberry-pi-3-model-b-gpio-40-pin-block-pinout}",
}

@MISC{pir,
    title = {Specyfikacja PIR-HC-SR501},
    note = {[Dostęp: 15.01.2018]},
    howpublished = "\url{https://botland.com.pl/czujniki-ruchu/1655-czujnik-ruchu-pir-hc-sr501-zielony.html}",
}

@MISC{mq9,
    title = {Dokumentacja MQ-9},
    note = {[Dostęp: 15.01.2018]},
    howpublished = "\url{http://www.haoyuelectronics.com/Attachment/MQ-9/MQ9.pdf}",
}

@MISC{mq2,
    title = {Dokumentacja MQ-2},
    note = {[Dostęp: 15.01.2018]},
    howpublished = "\url{https://www.pololu.com/file/0J309/MQ2.pdf}",
}

@MISC{proswift,
    AUTHOR = "Paul Hudson",
    TITLE = "Pro Swift",
    YEAR = "2016",
    howpublished = "\url{https://itunes.apple.com/us/book/pro-swift/id1111033310?mt=11}",   
}

@MISC{backgroundmodes,
    Author = {Apple},
    title = {Background Execution},
    note = {[Dostęp: 15.01.2018]},
    howpublished = "\url{https://developer.apple.com/library/content/documentation/iPhone/Conceptual/iPhoneOSProgrammingGuide/BackgroundExecution/BackgroundExecution.html}",
}


@MISC{specyfikacjaFlame,
    title = {Specyfikacja czujnika płomieni},
    note = {[Dostęp: 15.01.2018]},
    howpublished = "\url{https://botland.com.pl/czujniki-temperatury/4461-czujnik-plomieni-760-1100nm-analogowy.html}",
}

@MISC{specyfikacjaAC,
    title = {Specyfikacja przetwornika A/C},
    note = {[Dostęp: 15.01.2018]},
    howpublished = "\url{https://botland.com.pl/przetworniki/2358-przetwornik-ac-mcp3008-ip-10-bitowy-8-kanalowy-spi-dip.html}",
}

@MISC{iosversions,
    title = {Procentowy udział wersji iOS w rynku},
    note = {[Dostęp: 31.01.2018]},
    howpublished = "\url{https://developer.apple.com/support/app-store/}",
}

@MISC{djangoCSRF,
	title = {Dokumentacja systemu ochrony tokenem CSRF w~Django},
	note = {[Dostęp: 15.01.2018]},
	howpublished = "\url{://docs.djangoproject.com/en/2.0/ref/csrf/}",
}

@MISC{djangoREST,
    title = {Dokumentacja Django-Rest-Framework},
    note = {[Dostęp: 15.01.2018]},
    howpublished = "\url{http://www.django-rest-framework.org/}",
}

@MISC{NGINX,
    title = {Dokumentacja NGINX-RTMP},
    note = {[Dostęp: 15.01.2018]},
    howpublished = "\url{https://github.com/arut/nginx-rtmp-module/}",
}

@MISC{raspivid,
    title = {Dokumentacja Raspivid},
    note = {[Dostęp: 15.01.2018]},
    howpublished = "\url{https://www.raspberrypi.org/documentation/usage/camera/raspicam/raspivid.md}",
}


